<?xml version="1.0" encoding="UTF-8"?>
<!DOCTYPE html PUBLIC "-//W3C//DTD XHTML 1.0 Transitional//EN"
    "http://www.w3.org/TR/xhtml1/DTD/xhtml1-transitional.dtd">
<html xmlns="http://www.w3.org/1999/xhtml" xml:lang="en" lang="en">
 <head>
  <title>
</title>
<meta http-equiv="Content-Type" content="text/html;charset=utf-8" />
  <meta name='ocr-system' content='tesseract 3.04.00' />
  <meta name='ocr-capabilities' content='ocr_page ocr_carea ocr_par ocr_line ocrx_word'/>
</head>
<body>
  <div class='ocr_page' id='page_1' title='image "./qhorativsflaccu01bondgoog_0018.png"; bbox 0 0 2523 4464; ppageno 0'>
   <div class='ocr_carea' id='block_1_1' title="bbox 837 239 1723 318">
    <p class='ocr_par' dir='ltr' id='par_1_1' title="bbox 837 239 1723 318">
     <span class='ocr_line' id='line_1_1' title="bbox 837 239 1723 318; baseline 0.006 -15"><span class='ocrx_word' id='word_1_1' title='bbox 837 239 1397 318; x_wconf 71' lang='lat' dir='ltr'>QHORATH</span> <span class='ocrx_word' id='word_1_2' title='bbox 1465 244 1723 309; x_wconf 81' lang='grc' dir='ltr'><strong><em>νιτΑ.</em></strong></span> 
     </span>
    </p>
   </div>
   <div class='ocr_carea' id='block_1_2' title="bbox 177 340 2287 800">
    <p class='ocr_par' dir='ltr' id='par_1_2' title="bbox 177 340 2287 800">
     <span class='ocr_line' id='line_1_2' title="bbox 275 340 2287 419; baseline 0.001 -18"><span class='ocrx_word' id='word_1_3' title='bbox 275 359 336 401; x_wconf 88' lang='lat' dir='ltr'>tu</span> <span class='ocrx_word' id='word_1_4' title='bbox 345 346 387 415; x_wconf 89' lang='lat' dir='ltr'>r)</span> <span class='ocrx_word' id='word_1_5' title='bbox 404 344 490 401; x_wconf 79' lang='lat' dir='ltr'>vel</span> <span class='ocrx_word' id='word_1_6' title='bbox 506 362 568 400; x_wconf 86' lang='lat' dir='ltr'>ea</span> <span class='ocrx_word' id='word_1_7' title='bbox 586 341 654 399; x_wconf 84' lang='lat' dir='ltr'>de</span> <span class='ocrx_word' id='word_1_8' title='bbox 673 340 841 399; x_wconf 77' lang='lat' dir='ltr'>cauffa</span> <span class='ocrx_word' id='word_1_9' title='bbox 861 359 974 398; x_wconf 91' lang='lat' dir='ltr'>non</span> <span class='ocrx_word' id='word_1_10' title='bbox 988 343 1152 399; x_wconf 91' lang='lat' dir='ltr'>credo</span> <span class='ocrx_word' id='word_1_11' title='bbox 1166 382 1182 406; x_wconf 90' lang='lat'><strong>,</strong></span> <span class='ocrx_word' id='word_1_12' title='bbox 1199 344 1348 417; x_wconf 89' lang='lat' dir='ltr'>quod</span> <span class='ocrx_word' id='word_1_13' title='bbox 1369 346 1704 401; x_wconf 82' lang='lat' dir='ltr'>mentionem</span> <span class='ocrx_word' id='word_1_14' title='bbox 1723 343 1839 419; x_wconf 80' lang='lat' dir='ltr'>ejus</span> <span class='ocrx_word' id='word_1_15' title='bbox 1858 342 1936 402; x_wconf 85' lang='lat' dir='ltr'>rei</span> <span class='ocrx_word' id='word_1_16' title='bbox 1953 343 1971 401; x_wconf 92' lang='lat' dir='ltr'>i</span> <span class='ocrx_word' id='word_1_17' title='bbox 1975 344 2062 419; x_wconf 69' lang='lat' dir='ltr'>pst</span> <span class='ocrx_word' id='word_1_18' title='bbox 2080 345 2287 407; x_wconf 87' lang='lat' dir='ltr'>nullam</span> 
     </span>
     <span class='ocr_line' id='line_1_3' title="bbox 273 415 2283 493; baseline 0.002 -19"><span class='ocrx_word' id='word_1_19' title='bbox 273 418 476 475; x_wconf 80' lang='lat' dir='ltr'>fecerit:</span> <span class='ocrx_word' id='word_1_20' title='bbox 501 437 612 473; x_wconf 91' lang='lat' dir='ltr'>non</span> <span class='ocrx_word' id='word_1_21' title='bbox 633 415 1049 472; x_wconf 70' lang='lat' dir='ltr'>dissimulaturos</span> <span class='ocrx_word' id='word_1_22' title='bbox 1067 416 1302 475; x_wconf 89' lang='lat' dir='ltr'>scomma</span> <span class='ocrx_word' id='word_1_23' title='bbox 1319 417 1472 480; x_wconf 86' lang='lat' dir='ltr'>illud,</span> <span class='ocrx_word' id='word_1_24' title='bbox 1488 418 1637 493; x_wconf 74' lang='lat' dir='ltr'>quod</span> <span class='ocrx_word' id='word_1_25' title='bbox 1657 435 1805 492; x_wconf 87' lang='lat' dir='ltr'>pater</span> <span class='ocrx_word' id='word_1_26' title='bbox 1820 420 2007 476; x_wconf 86' lang='lat' dir='ltr'>cubito</span> <span class='ocrx_word' id='word_1_27' title='bbox 2021 419 2073 478; x_wconf 89' lang='lat' dir='ltr'>se</span> <span class='ocrx_word' id='word_1_28' title='bbox 2089 440 2283 478; x_wconf 89' lang='lat' dir='ltr'>emun-</span> 
     </span>
     <span class='ocr_line' id='line_1_4' title="bbox 273 490 2283 567; baseline 0.002 -20"><span class='ocrx_word' id='word_1_29' title='bbox 273 510 441 567; x_wconf 87' lang='lat' dir='ltr'>geret.</span> <span class='ocrx_word' id='word_1_30' title='bbox 487 494 550 547; x_wconf 84' lang='lat' dir='ltr'>In</span> <span class='ocrx_word' id='word_1_31' title='bbox 588 490 803 546; x_wconf 63' lang='lat' dir='ltr'>auetore</span> <span class='ocrx_word' id='word_1_32' title='bbox 840 490 1266 547; x_wconf 87' lang='lat' dir='ltr'>Rhetoricorum</span> <span class='ocrx_word' id='word_1_33' title='bbox 1296 491 1361 549; x_wconf 89' lang='lat' dir='ltr'>ad</span> <span class='ocrx_word' id='word_1_34' title='bbox 1398 492 1740 549; x_wconf 80' lang='lat' dir='ltr'>Herennium</span> <span class='ocrx_word' id='word_1_35' title='bbox 1781 492 1874 549; x_wconf 81' lang='lat' dir='ltr'>hb.</span> <span class='ocrx_word' id='word_1_36' title='bbox 1897 511 2007 550; x_wconf 81' lang='lat' dir='ltr'>un·</span> <span class='ocrx_word' id='word_1_37' title='bbox 2035 494 2090 550; x_wconf 88' lang='lat' dir='ltr'>id</span> <span class='ocrx_word' id='word_1_38' title='bbox 2113 494 2283 553; x_wconf 56' lang='lat' dir='ltr'>diete-</span> 
     </span>
     <span class='ocr_line' id='line_1_5' title="bbox 274 562 2278 693; baseline 0.001 -72"><span class='ocrx_word' id='word_1_39' title='bbox 274 585 419 622; x_wconf 76' lang='lat' dir='ltr'>rium</span> <span class='ocrx_word' id='word_1_40' title='bbox 456 584 555 637; x_wconf 88' lang='lat' dir='ltr'>pro</span> <span class='ocrx_word' id='word_1_41' title='bbox 592 563 843 637; x_wconf 81' lang='lat' dir='ltr'>exemplo</span> <span class='ocrx_word' id='word_1_42' title='bbox 876 562 1277 639; x_wconf 67' lang='lat' dir='ltr'>significationis</span> <span class='ocrx_word' id='word_1_43' title='bbox 1309 582 1405 639; x_wconf 90' lang='lat' dir='ltr'>per</span> <span class='ocrx_word' id='word_1_44' title='bbox 1440 566 1877 693; x_wconf 56' lang='lat' dir='ltr'>congequcntiam</span> <span class='ocrx_word' id='word_1_45' title='bbox 1920 569 2177 642; x_wconf 78' lang='lat' dir='ltr'>ponitur3</span> <span class='ocrx_word' id='word_1_46' title='bbox 2218 571 2278 627; x_wconf 87' lang='lat' dir='ltr'>in</span> 
     </span>
     <span class='ocr_line' id='line_1_6' title="bbox 274 637 2275 712; baseline 0.003 -17"><span class='ocrx_word' id='word_1_47' title='bbox 274 652 482 712; x_wconf 87' lang='lat' dir='ltr'>quem,</span> <span class='ocrx_word' id='word_1_48' title='bbox 518 657 631 695; x_wconf 93' lang='lat' dir='ltr'>non</span> <span class='ocrx_word' id='word_1_49' title='bbox 666 637 927 709; x_wconf 79' lang='lat' dir='ltr'>expresso.</span> <span class='ocrx_word' id='word_1_50' title='bbox 967 637 1034 693; x_wconf 89' lang='lat' dir='ltr'>de</span> <span class='ocrx_word' id='word_1_51' title='bbox 1063 656 1176 708; x_wconf 85' lang='lat' dir='ltr'>quo</span> <span class='ocrx_word' id='word_1_52' title='bbox 1202 637 1338 712; x_wconf 91' lang='lat' dir='ltr'>joco</span> <span class='ocrx_word' id='word_1_53' title='bbox 1380 637 1505 696; x_wconf 78' lang='lat' dir='ltr'>vide</span> <span class='ocrx_word' id='word_1_54' title='bbox 1582 656 1654 696; x_wconf 86' lang='lat' dir='ltr'>et.</span> <span class='ocrx_word' id='word_1_55' title='bbox 1689 641 1995 698; x_wconf 68' lang='lat' dir='ltr'>ViClor&#39;ium</span> <span class='ocrx_word' id='word_1_56' title='bbox 2034 643 2275 701; x_wconf 80' lang='lat' dir='ltr'>lib.xtv.</span> 
     </span>
     <span class='ocr_line' id='line_1_7' title="bbox 177 711 2147 800; baseline 0.002 -31"><span class='ocrx_word' id='word_1_57' title='bbox 177 718 182 724; x_wconf 84' lang='grc'><strong>’</strong></span> <span class='ocrx_word' id='word_1_58' title='bbox 274 715 478 771; x_wconf 86' lang='lat' dir='ltr'>Variar.</span> <span class='ocrx_word' id='word_1_59' title='bbox 498 731 612 785; x_wconf 88' lang='lat' dir='ltr'>cap.</span> <span class='ocrx_word' id='word_1_60' title='bbox 635 730 687 766; x_wconf 80' lang='lat' dir='ltr'>x.</span> <span class='ocrx_word' id='word_1_61' title='bbox 707 713 759 765; x_wconf 87' lang='lat'>&amp;</span> <span class='ocrx_word' id='word_1_62' title='bbox 773 712 930 786; x_wconf 84' lang='lat' dir='ltr'>Joan.</span> <span class='ocrx_word' id='word_1_63' title='bbox 948 713 1234 767; x_wconf 85' lang='lat' dir='ltr'>Brodaeum</span> <span class='ocrx_word' id='word_1_64' title='bbox 1254 711 1346 768; x_wconf 88' lang='lat' dir='ltr'>lib.</span> <span class='ocrx_word' id='word_1_65' title='bbox 1372 731 1459 768; x_wconf 79' lang='lat' dir='ltr'>vt.</span> <span class='ocrx_word' id='word_1_66' title='bbox 1483 712 1772 772; x_wconf 86' lang='lat' dir='ltr'>Miscellan.</span> <span class='ocrx_word' id='word_1_67' title='bbox 1793 717 1966 800; x_wconf 74' lang='lat' dir='ltr'>capite</span> <span class='ocrx_word' id='word_1_68' title='bbox 1982 735 2042 772; x_wconf 73' lang='grc' dir='ltr'>νι</span> <span class='ocrx_word' id='word_1_69' title='bbox 2064 734 2083 772; x_wconf 92' lang='grc' dir='ltr'><strong><em>ι</em></strong></span> <span class='ocrx_word' id='word_1_70' title='bbox 2104 732 2147 773; x_wconf 88' lang='grc' dir='ltr'>ι.</span> 
     </span>
    </p>
   </div>
   <div class='ocr_carea' id='block_1_3' title="bbox 342 785 2401 866">
    <p class='ocr_par' dir='ltr' id='par_1_3' title="bbox 342 785 2401 866">
     <span class='ocr_line' id='line_1_8' title="bbox 342 785 2401 866; baseline 0.004 -24"><span class='ocrx_word' id='word_1_71' title='bbox 342 788 478 843; x_wconf 79' lang='lat' dir='ltr'>Satis</span> <span class='ocrx_word' id='word_1_72' title='bbox 515 785 721 843; x_wconf 89' lang='lat' dir='ltr'>constat</span> <span class='ocrx_word' id='word_1_73' title='bbox 733 803 918 842; x_wconf 90' lang='lat' dir='ltr'>natum</span> <span class='ocrx_word' id='word_1_74' title='bbox 937 785 1040 840; x_wconf 82' lang='lat' dir='ltr'>csse</span> <span class='ocrx_word' id='word_1_75' title='bbox 1057 785 1280 842; x_wconf 87' lang='lat' dir='ltr'>biennio</span> <span class='ocrx_word' id='word_1_76' title='bbox 1299 801 1420 843; x_wconf 87' lang='lat' dir='ltr'>ante</span> <span class='ocrx_word' id='word_1_77' title='bbox 1438 787 1805 847; x_wconf 86' lang='lat' dir='ltr'>Catilinariam</span> <span class='ocrx_word' id='word_1_78' title='bbox 1822 791 2278 866; x_wconf 74' lang='lat' dir='ltr'>conjurationem.</span> <span class='ocrx_word' id='word_1_79' title='bbox 2389 813 2401 824; x_wconf 92' lang='lat'><strong>·</strong></span> 
     </span>
    </p>
   </div>
   <div class='ocr_carea' id='block_1_4' title="bbox 240 858 2362 3877">
    <p class='ocr_par' dir='ltr' id='par_1_4' title="bbox 240 858 2362 3877">
     <span class='ocr_line' id='line_1_9' title="bbox 269 858 2274 935; baseline 0.001 -19"><span class='ocrx_word' id='word_1_80' title='bbox 269 879 433 935; x_wconf 84' lang='lat' dir='ltr'>quam</span> <span class='ocrx_word' id='word_1_81' title='bbox 454 865 511 918; x_wconf 90' lang='lat' dir='ltr'>M</span> <span class='ocrx_word' id='word_1_82' title='bbox 524 903 536 914; x_wconf 91' lang='lat'>.</span> <span class='ocrx_word' id='word_1_83' title='bbox 557 858 772 916; x_wconf 86' lang='lat' dir='ltr'>Tullius</span> <span class='ocrx_word' id='word_1_84' title='bbox 791 859 987 914; x_wconf 88' lang='lat' dir='ltr'>Cicero</span> <span class='ocrx_word' id='word_1_85' title='bbox 1006 861 1131 916; x_wconf 91' lang='lat' dir='ltr'>Cos.</span> <span class='ocrx_word' id='word_1_86' title='bbox 1145 877 1290 916; x_wconf 88' lang='lat' dir='ltr'>anno</span> <span class='ocrx_word' id='word_1_87' title='bbox 1308 860 1427 935; x_wconf 89' lang='lat' dir='ltr'>post</span> <span class='ocrx_word' id='word_1_88' title='bbox 1448 863 1588 921; x_wconf 87' lang='lat' dir='ltr'><strong>R.C.</strong></span> <span class='ocrx_word' id='word_1_89' title='bbox 1607 881 1773 919; x_wconf 82' lang='lat' dir='ltr'>nexo.</span> <span class='ocrx_word' id='word_1_90' title='bbox 1792 864 2048 921; x_wconf 79' lang='lat' dir='ltr'>exstinxit</span> <span class='ocrx_word' id='word_1_91' title='bbox 2067 885 2080 921; x_wconf 72' lang='grc' dir='ltr'><strong><em>ε</em></strong></span> <span class='ocrx_word' id='word_1_92' title='bbox 2106 865 2274 922; x_wconf 55' lang='lat' dir='ltr'>nimi*-</span> 
     </span>
     <span class='ocr_line' id='line_1_10' title="bbox 268 933 2273 1014; baseline 0.003 -23"><span class='ocrx_word' id='word_1_93' title='bbox 268 954 393 991; x_wconf 80' lang='lat' dir='ltr'>rum</span> <span class='ocrx_word' id='word_1_94' title='bbox 434 939 496 992; x_wconf 87' lang='lat' dir='ltr'>L.</span> <span class='ocrx_word' id='word_1_95' title='bbox 534 933 758 990; x_wconf 91' lang='lat' dir='ltr'>Aurelio</span> <span class='ocrx_word' id='word_1_96' title='bbox 795 935 958 989; x_wconf 88' lang='lat' dir='ltr'>Cotta</span> <span class='ocrx_word' id='word_1_97' title='bbox 994 934 1048 990; x_wconf 72' lang='grc' dir='ltr'>δι</span> <span class='ocrx_word' id='word_1_98' title='bbox 1081 934 1289 991; x_wconf 87' lang='lat' dir='ltr'>Manlio</span> <span class='ocrx_word' id='word_1_99' title='bbox 1320 937 1603 1010; x_wconf 86' lang='lat' dir='ltr'>Torquato</span> <span class='ocrx_word' id='word_1_100' title='bbox 1638 940 1871 1014; x_wconf 75' lang='lat' dir='ltr'>utroque</span> <span class='ocrx_word' id='word_1_101' title='bbox 1908 938 2104 995; x_wconf 88' lang='lat' dir='ltr'>iterum</span> <span class='ocrx_word' id='word_1_102' title='bbox 2123 939 2273 998; x_wconf 75' lang='lat' dir='ltr'>Con:</span> 
     </span>
     <span class='ocr_line' id='line_1_11' title="bbox 269 1007 2274 1085; baseline 0.002 -21"><span class='ocrx_word' id='word_1_103' title='bbox 269 1028 417 1064; x_wconf 87' lang='lat' dir='ltr'>anno</span> <span class='ocrx_word' id='word_1_104' title='bbox 451 1009 518 1065; x_wconf 90' lang='lat' dir='ltr'>ab</span> <span class='ocrx_word' id='word_1_105' title='bbox 549 1008 617 1061; x_wconf 86' lang='lat' dir='ltr'>V.</span> <span class='ocrx_word' id='word_1_106' title='bbox 640 1009 705 1065; x_wconf 91' lang='lat' dir='ltr'>C.</span> <span class='ocrx_word' id='word_1_107' title='bbox 746 1024 1120 1064; x_wconf 68' lang='lat' dir='ltr'>nctxxxvm.</span> <span class='ocrx_word' id='word_1_108' title='bbox 1158 1007 1309 1081; x_wconf 88' lang='lat' dir='ltr'>quod</span> <span class='ocrx_word' id='word_1_109' title='bbox 1349 1026 1461 1063; x_wconf 90' lang='lat' dir='ltr'>non</span> <span class='ocrx_word' id='word_1_110' title='bbox 1481 1009 1639 1066; x_wconf 87' lang='lat' dir='ltr'>semel</span> <span class='ocrx_word' id='word_1_111' title='bbox 1659 1010 1766 1085; x_wconf 87' lang='lat' dir='ltr'>ipse</span> <span class='ocrx_word' id='word_1_112' title='bbox 1785 1011 2035 1076; x_wconf 82' lang='lat' dir='ltr'>testatur.</span> <span class='ocrx_word' id='word_1_113' title='bbox 2066 1029 2274 1071; x_wconf 89' lang='lat' dir='ltr'>utcum</span> 
     </span>
     <span class='ocr_line' id='line_1_12' title="bbox 266 1080 2276 1157; baseline 0.004 -20"><span class='ocrx_word' id='word_1_114' title='bbox 266 1083 456 1138; x_wconf 83' lang='lat' dir='ltr'>testam</span> <span class='ocrx_word' id='word_1_115' title='bbox 492 1082 671 1136; x_wconf 90' lang='lat' dir='ltr'>secum</span> <span class='ocrx_word' id='word_1_116' title='bbox 704 1097 881 1137; x_wconf 86' lang='lat' dir='ltr'>natam</span> <span class='ocrx_word' id='word_1_117' title='bbox 920 1081 1043 1139; x_wconf 68' lang='lat' dir='ltr'>Cos</span> <span class='ocrx_word' id='word_1_118' title='bbox 1071 1081 1278 1138; x_wconf 87' lang='lat' dir='ltr'>Manlio</span> <span class='ocrx_word' id='word_1_119' title='bbox 1294 1080 1692 1157; x_wconf 86' lang='lat' dir='ltr'>alloquiturlib.</span> <span class='ocrx_word' id='word_1_120' title='bbox 1717 1103 1803 1141; x_wconf 90' lang='grc' dir='ltr'><strong><em>ιιι.</em></strong></span> <span class='ocrx_word' id='word_1_121' title='bbox 1824 1087 2006 1142; x_wconf 88' lang='lat' dir='ltr'>Carm.</span> <span class='ocrx_word' id='word_1_122' title='bbox 2028 1086 2136 1144; x_wconf 91' lang='lat' dir='ltr'>Od.</span> <span class='ocrx_word' id='word_1_123' title='bbox 2154 1106 2276 1145; x_wconf 75' lang='lat' dir='ltr'>xxi.</span> 
     </span>
     <span class='ocr_line' id='line_1_13' title="bbox 268 1154 2274 1235; baseline 0.003 -24"><span class='ocrx_word' id='word_1_124' title='bbox 268 1157 325 1211; x_wconf 82' lang='lat'>&amp;</span> <span class='ocrx_word' id='word_1_125' title='bbox 363 1159 705 1230; x_wconf 82' lang='lat' dir='ltr'>Torquatum</span> <span class='ocrx_word' id='word_1_126' title='bbox 725 1154 1021 1210; x_wconf 77' lang='lat' dir='ltr'>Conlulem</span> <span class='ocrx_word' id='word_1_127' title='bbox 1034 1154 1186 1211; x_wconf 91' lang='lat' dir='ltr'>suum</span> <span class='ocrx_word' id='word_1_128' title='bbox 1204 1164 1366 1213; x_wconf 66' lang='lat' dir='ltr'>‘vocat</span> <span class='ocrx_word' id='word_1_129' title='bbox 1383 1174 1511 1212; x_wconf 82' lang='lat' dir='ltr'>xm.</span> <span class='ocrx_word' id='word_1_130' title='bbox 1531 1158 1705 1230; x_wconf 88' lang='lat' dir='ltr'>Epod.</span> <span class='ocrx_word' id='word_1_131' title='bbox 1725 1160 1885 1215; x_wconf 85' lang='lat' dir='ltr'>Unde</span> <span class='ocrx_word' id='word_1_132' title='bbox 1902 1160 1968 1217; x_wconf 89' lang='lat' dir='ltr'>ad</span> <span class='ocrx_word' id='word_1_133' title='bbox 1986 1161 2274 1235; x_wconf 70' lang='lat' dir='ltr'>QLepidi</span> 
     </span>
     <span class='ocr_line' id='line_1_14' title="bbox 268 1227 2274 1310; baseline 0.003 -24"><span class='ocrx_word' id='word_1_134' title='bbox 268 1249 400 1286; x_wconf 89' lang='lat' dir='ltr'>cum</span> <span class='ocrx_word' id='word_1_135' title='bbox 437 1233 516 1285; x_wconf 80' lang='lat' dir='ltr'>M.</span> <span class='ocrx_word' id='word_1_136' title='bbox 549 1229 729 1285; x_wconf 86' lang='lat' dir='ltr'>Lollio</span> <span class='ocrx_word' id='word_1_137' title='bbox 755 1227 1109 1285; x_wconf 85' lang='lat' dir='ltr'>Consulatum</span> <span class='ocrx_word' id='word_1_138' title='bbox 1139 1227 1266 1285; x_wconf 84' lang='lat' dir='ltr'>anni</span> <span class='ocrx_word' id='word_1_139' title='bbox 1304 1230 1524 1287; x_wconf 83' lang='lat' dir='ltr'>fuerunt</span> <span class='ocrx_word' id='word_1_140' title='bbox 1543 1249 1709 1290; x_wconf 77' lang='lat' dir='ltr'>xmx.</span> <span class='ocrx_word' id='word_1_141' title='bbox 1747 1249 1904 1310; x_wconf 86' lang='lat' dir='ltr'>atque</span> <span class='ocrx_word' id='word_1_142' title='bbox 1917 1249 2000 1291; x_wconf 88' lang='lat' dir='ltr'>tot</span> <span class='ocrx_word' id='word_1_143' title='bbox 2017 1253 2187 1292; x_wconf 82' lang='lat' dir='ltr'>annos</span> <span class='ocrx_word' id='word_1_144' title='bbox 2208 1235 2274 1293; x_wconf 70' lang='lat' dir='ltr'>iis</span> 
     </span>
     <span class='ocr_line' id='line_1_15' title="bbox 269 1301 1757 1377; baseline 0.003 -19"><span class='ocrx_word' id='word_1_145' title='bbox 269 1303 416 1359; x_wconf 82' lang='lat' dir='ltr'>Coss&#39;.</span> <span class='ocrx_word' id='word_1_146' title='bbox 429 1303 479 1358; x_wconf 88' lang='lat' dir='ltr'>se</span> <span class='ocrx_word' id='word_1_147' title='bbox 493 1319 681 1359; x_wconf 89' lang='lat' dir='ltr'>natum</span> <span class='ocrx_word' id='word_1_148' title='bbox 699 1302 879 1359; x_wconf 84' lang='lat' dir='ltr'>scribit</span> <span class='ocrx_word' id='word_1_149' title='bbox 896 1319 1134 1358; x_wconf 85' lang='lat' dir='ltr'>extrema</span> <span class='ocrx_word' id='word_1_150' title='bbox 1153 1301 1391 1371; x_wconf 85' lang='lat' dir='ltr'>Epistola</span> <span class='ocrx_word' id='word_1_151' title='bbox 1404 1304 1526 1360; x_wconf 81' lang='lat' dir='ltr'>libri</span> <span class='ocrx_word' id='word_1_152' title='bbox 1547 1305 1757 1377; x_wconf 89' lang='lat' dir='ltr'>prioris.</span> 
     </span>
     <span class='ocr_line' id='line_1_16' title="bbox 341 1375 2271 1450; baseline 0.003 -17"><span class='ocrx_word' id='word_1_153' title='bbox 341 1382 391 1433; x_wconf 88' lang='lat' dir='ltr'>A</span> <span class='ocrx_word' id='word_1_154' title='bbox 426 1380 575 1450; x_wconf 87' lang='lat' dir='ltr'>pa&#39;tre</span> <span class='ocrx_word' id='word_1_155' title='bbox 614 1396 749 1448; x_wconf 89' lang='lat' dir='ltr'>puer</span> <span class='ocrx_word' id='word_1_156' title='bbox 781 1381 1015 1433; x_wconf 84' lang='lat' dir='ltr'>Romam</span> <span class='ocrx_word' id='word_1_157' title='bbox 1033 1377 1110 1434; x_wconf 89' lang='lat' dir='ltr'>est</span> <span class='ocrx_word' id='word_1_158' title='bbox 1124 1375 1419 1441; x_wconf 62' lang='lat' dir='ltr'>deductus,</span> <span class='ocrx_word' id='word_1_159' title='bbox 1457 1394 1520 1434; x_wconf 90' lang='lat' dir='ltr'>ut</span> <span class='ocrx_word' id='word_1_160' title='bbox 1535 1378 1822 1437; x_wconf 85' lang='lat' dir='ltr'>liberaliter</span> <span class='ocrx_word' id='word_1_161' title='bbox 1837 1379 1912 1437; x_wconf 91' lang='lat' dir='ltr'>ibi</span> <span class='ocrx_word' id='word_1_162' title='bbox 1930 1382 2271 1448; x_wconf 84' lang='lat' dir='ltr'>educaretur.</span> 
     </span>
     <span class='ocr_line' id='line_1_17' title="bbox 264 1450 2272 1603; baseline 0.004 -23"><span class='ocrx_word' id='word_1_163' title='bbox 264 1450 1199 1598; x_wconf 52' lang='lat' dir='ltr'>ffissmffc⁰uitisss¹ffiss²¹ss¹rssfflffioei1⁵0</span> <span class='ocrx_word' id='word_1_164' title='bbox 1214 1451 1836 1597; x_wconf 51' lang='grc' dir='ltr'>Ὗρῖὲῗέἵέῗῧῖῗὶὲἓξ</span> <span class='ocrx_word' id='word_1_165' title='bbox 1854 1454 2272 1603; x_wconf 56' lang='grc' dir='ltr'>ῖῗωὲἒῶῗτὲἒῗ</span> 
     </span>
     <span class='ocr_line' id='line_1_18' title="bbox 267 1597 2274 1667; baseline 0.005 -16"><span class='ocrx_word' id='word_1_166' title='bbox 267 1597 365 1656; x_wconf 89' lang='lat' dir='ltr'>lib.</span> <span class='ocrx_word' id='word_1_167' title='bbox 397 1617 415 1652; x_wconf 83' lang='lat'><em>1</em></span> <span class='ocrx_word' id='word_1_168' title='bbox 435 1618 477 1657; x_wconf 82' lang='lat'>1.</span> <span class='ocrx_word' id='word_1_169' title='bbox 501 1600 663 1667; x_wconf 74' lang='lat' dir='ltr'>Epist.</span> <span class='ocrx_word' id='word_1_170' title='bbox 687 1617 761 1656; x_wconf 87' lang='grc' dir='ltr'>ιι.</span> <span class='ocrx_word' id='word_1_171' title='bbox 788 1619 838 1656; x_wconf 86' lang='lat' dir='ltr'>v.</span> <span class='ocrx_word' id='word_1_172' title='bbox 857 1616 975 1660; x_wconf 78' lang='lat' dir='ltr'>xm,</span> <span class='ocrx_word' id='word_1_173' title='bbox 1005 1601 1196 1655; x_wconf 88' lang='lat' dir='ltr'>Romae</span> <span class='ocrx_word' id='word_1_174' title='bbox 1207 1598 1259 1654; x_wconf 90' lang='lat' dir='ltr'>se</span> <span class='ocrx_word' id='word_1_175' title='bbox 1278 1600 1600 1665; x_wconf 86' lang='lat' dir='ltr'>enutritum,</span> <span class='ocrx_word' id='word_1_176' title='bbox 1617 1620 1678 1658; x_wconf 86' lang='lat' dir='ltr'>ac</span> <span class='ocrx_word' id='word_1_177' title='bbox 1696 1601 1919 1661; x_wconf 83' lang='lat' dir='ltr'>Iliadem</span> <span class='ocrx_word' id='word_1_178' title='bbox 1934 1606 2158 1660; x_wconf 87' lang='lat' dir='ltr'>Homeri</span> <span class='ocrx_word' id='word_1_179' title='bbox 2182 1606 2274 1662; x_wconf 89' lang='lat' dir='ltr'>di-</span> 
     </span>
     <span class='ocr_line' id='line_1_19' title="bbox 268 1672 2273 1753; baseline 0.004 -24"><span class='ocrx_word' id='word_1_180' title='bbox 268 1672 453 1729; x_wconf 78' lang='lat' dir='ltr'>diciffe</span> <span class='ocrx_word' id='word_1_181' title='bbox 490 1673 740 1729; x_wconf 87' lang='lat' dir='ltr'>ostendit.</span> <span class='ocrx_word' id='word_1_182' title='bbox 786 1672 1001 1746; x_wconf 79' lang='lat' dir='ltr'>Qbus</span> <span class='ocrx_word' id='word_1_183' title='bbox 1036 1672 1101 1727; x_wconf 81' lang='lat' dir='ltr'>fit</span> <span class='ocrx_word' id='word_1_184' title='bbox 1128 1672 1251 1728; x_wconf 86' lang='lat' dir='ltr'>usus</span> <span class='ocrx_word' id='word_1_185' title='bbox 1281 1673 1582 1746; x_wconf 83' lang='lat' dir='ltr'>Magistris‚</span> <span class='ocrx_word' id='word_1_186' title='bbox 1618 1694 1734 1732; x_wconf 89' lang='lat' dir='ltr'>non</span> <span class='ocrx_word' id='word_1_187' title='bbox 1762 1676 1880 1733; x_wconf 83' lang='lat' dir='ltr'>satis</span> <span class='ocrx_word' id='word_1_188' title='bbox 1897 1676 2084 1753; x_wconf 89' lang='lat' dir='ltr'>liquet.</span> <span class='ocrx_word' id='word_1_189' title='bbox 2124 1680 2273 1737; x_wconf 84' lang='lat' dir='ltr'>Livii</span> 
     </span>
     <span class='ocr_line' id='line_1_20' title="bbox 265 1746 2362 1825; baseline 0.004 -25"><span class='ocrx_word' id='word_1_190' title='bbox 265 1747 491 1817; x_wconf 87' lang='lat' dir='ltr'>quidem</span> <span class='ocrx_word' id='word_1_191' title='bbox 533 1746 831 1801; x_wconf 83' lang='lat' dir='ltr'>Andronici</span> <span class='ocrx_word' id='word_1_192' title='bbox 872 1746 1130 1815; x_wconf 89' lang='lat' dir='ltr'>principis</span> <span class='ocrx_word' id='word_1_193' title='bbox 1150 1746 1291 1802; x_wconf 85' lang='lat' dir='ltr'>inter</span> <span class='ocrx_word' id='word_1_194' title='bbox 1309 1747 1530 1804; x_wconf 79' lang='lat' dir='ltr'>Latinos</span> <span class='ocrx_word' id='word_1_195' title='bbox 1544 1749 1719 1804; x_wconf 72' lang='lat' dir='ltr'>Poetae</span> <span class='ocrx_word' id='word_1_196' title='bbox 1739 1749 2079 1807; x_wconf 77' lang='lat' dir='ltr'>carminafibi</span> <span class='ocrx_word' id='word_1_197' title='bbox 2101 1771 2270 1825; x_wconf 83' lang='lat' dir='ltr'>parvo</span> <span class='ocrx_word' id='word_1_198' title='bbox 2353 1800 2362 1809; x_wconf 95' lang='lat'><strong><em>.</em></strong></span> 
     </span>
     <span class='ocr_line' id='line_1_21' title="bbox 266 1818 2268 1893; baseline 0.003 -16"><span class='ocrx_word' id='word_1_199' title='bbox 266 1819 464 1877; x_wconf 58' lang='lat' dir='ltr'>dit-&#39;Irata</span> <span class='ocrx_word' id='word_1_200' title='bbox 498 1819 653 1875; x_wconf 77' lang='lat' dir='ltr'>fuilsc</span> <span class='ocrx_word' id='word_1_201' title='bbox 690 1820 756 1874; x_wconf 89' lang='lat' dir='ltr'>ab</span> <span class='ocrx_word' id='word_1_202' title='bbox 789 1818 1005 1874; x_wconf 89' lang='lat' dir='ltr'>Orbilio</span> <span class='ocrx_word' id='word_1_203' title='bbox 1041 1820 1408 1875; x_wconf 80' lang='lat' dir='ltr'>Grammatico</span> <span class='ocrx_word' id='word_1_204' title='bbox 1443 1819 1559 1893; x_wconf 90' lang='lat' dir='ltr'>(qui</span> <span class='ocrx_word' id='word_1_205' title='bbox 1597 1825 1828 1879; x_wconf 87' lang='lat' dir='ltr'>Romam</span> <span class='ocrx_word' id='word_1_206' title='bbox 1858 1823 2125 1881; x_wconf 86' lang='lat' dir='ltr'>Cicerone</span> <span class='ocrx_word' id='word_1_207' title='bbox 2142 1829 2268 1884; x_wconf 61' lang='lat' dir='ltr'>Cos:</span> 
     </span>
     <span class='ocr_line' id='line_1_22' title="bbox 269 1890 2264 1973; baseline 0.003 -22"><span class='ocrx_word' id='word_1_208' title='bbox 269 1896 424 1951; x_wconf 80' lang='lat' dir='ltr'>venit</span> <span class='ocrx_word' id='word_1_209' title='bbox 439 1933 454 1957; x_wconf 90' lang='lat'>‚</span> <span class='ocrx_word' id='word_1_210' title='bbox 499 1909 561 1948; x_wconf 91' lang='lat' dir='ltr'>ut</span> <span class='ocrx_word' id='word_1_211' title='bbox 597 1891 656 1949; x_wconf 90' lang='lat' dir='ltr'>in</span> <span class='ocrx_word' id='word_1_212' title='bbox 674 1891 790 1966; x_wconf 86' lang='lat' dir='ltr'>ejus</span> <span class='ocrx_word' id='word_1_213' title='bbox 812 1890 921 1948; x_wconf 86' lang='lat' dir='ltr'>vita</span> <span class='ocrx_word' id='word_1_214' title='bbox 938 1891 1229 1947; x_wconf 81' lang='lat' dir='ltr'>Suetonius</span> <span class='ocrx_word' id='word_1_215' title='bbox 1250 1894 1516 1965; x_wconf 89' lang='lat' dir='ltr'>perhibet)</span> <span class='ocrx_word' id='word_1_216' title='bbox 1546 1893 1604 1950; x_wconf 91' lang='lat' dir='ltr'>in</span> <span class='ocrx_word' id='word_1_217' title='bbox 1623 1894 1859 1968; x_wconf 84' lang='lat' dir='ltr'>Epistola</span> <span class='ocrx_word' id='word_1_218' title='bbox 1876 1897 1941 1952; x_wconf 91' lang='lat' dir='ltr'>ad</span> <span class='ocrx_word' id='word_1_219' title='bbox 1961 1899 2264 1973; x_wconf 79' lang='lat' dir='ltr'>Augustum</span> 
     </span>
     <span class='ocr_line' id='line_1_23' title="bbox 265 1965 2266 2045; baseline 0.003 -23"><span class='ocrx_word' id='word_1_220' title='bbox 265 1967 443 2042; x_wconf 77' lang='lat' dir='ltr'>prima</span> <span class='ocrx_word' id='word_1_221' title='bbox 474 1967 566 2030; x_wconf 89' lang='lat' dir='ltr'>lib,</span> <span class='ocrx_word' id='word_1_222' title='bbox 596 1983 678 2022; x_wconf 91' lang='grc' dir='ltr'>ιι.</span> <span class='ocrx_word' id='word_1_223' title='bbox 712 1965 949 2024; x_wconf 85' lang='lat' dir='ltr'>testatur.</span> <span class='ocrx_word' id='word_1_224' title='bbox 979 1966 1044 2021; x_wconf 84' lang='lat' dir='ltr'>In</span> <span class='ocrx_word' id='word_1_225' title='bbox 1081 1965 1331 2042; x_wconf 89' lang='lat' dir='ltr'>sequente</span> <span class='ocrx_word' id='word_1_226' title='bbox 1349 2004 1365 2030; x_wconf 88' lang='lat'>‚</span> <span class='ocrx_word' id='word_1_227' title='bbox 1401 1967 1451 2023; x_wconf 92' lang='lat' dir='ltr'>se</span> <span class='ocrx_word' id='word_1_228' title='bbox 1465 1969 1643 2045; x_wconf 88' lang='lat' dir='ltr'>Roma</span> <span class='ocrx_word' id='word_1_229' title='bbox 1662 1970 1892 2027; x_wconf 77' lang='lat' dir='ltr'>Athenas</span> <span class='ocrx_word' id='word_1_230' title='bbox 1911 1971 2266 2045; x_wconf 68' lang='lat' dir='ltr'>Philosophiae</span> 
     </span>
     <span class='ocr_line' id='line_1_24' title="bbox 266 2039 2268 2116; baseline 0.002 -18"><span class='ocrx_word' id='word_1_231' title='bbox 266 2040 655 2115; x_wconf 67' lang='lat' dir='ltr'>cognoscendae</span> <span class='ocrx_word' id='word_1_232' title='bbox 682 2039 856 2098; x_wconf 81' lang='lat' dir='ltr'>caussa</span> <span class='ocrx_word' id='word_1_233' title='bbox 888 2039 1190 2111; x_wconf 61' lang='lat' dir='ltr'>profestum</span> <span class='ocrx_word' id='word_1_234' title='bbox 1220 2040 1341 2105; x_wconf 83' lang='lat' dir='ltr'>effe,</span> <span class='ocrx_word' id='word_1_235' title='bbox 1360 2039 1595 2116; x_wconf 90' lang='lat' dir='ltr'>indeque</span> <span class='ocrx_word' id='word_1_236' title='bbox 1614 2043 1672 2098; x_wconf 91' lang='lat' dir='ltr'>in</span> <span class='ocrx_word' id='word_1_237' title='bbox 1691 2042 1896 2099; x_wconf 86' lang='lat' dir='ltr'>bellum</span> <span class='ocrx_word' id='word_1_238' title='bbox 1918 2042 2094 2101; x_wconf 79' lang='lat' dir='ltr'>Civile</span> <span class='ocrx_word' id='word_1_239' title='bbox 2110 2048 2268 2103; x_wconf 88' lang='lat' dir='ltr'>abre-</span> 
     </span>
     <span class='ocr_line' id='line_1_25' title="bbox 264 2104 2266 2195; baseline 0.004 -24"><span class='ocrx_word' id='word_1_240' title='bbox 264 2133 424 2187; x_wconf 79' lang='lat' dir='ltr'>ptum</span> <span class='ocrx_word' id='word_1_241' title='bbox 444 2154 458 2177; x_wconf 91' lang='lat'><strong>‚</strong></span> <span class='ocrx_word' id='word_1_242' title='bbox 496 2115 526 2170; x_wconf 66' lang='lat' dir='ltr'>a</span> <span class='ocrx_word' id='word_1_243' title='bbox 547 2114 781 2188; x_wconf 85' lang='lat' dir='ltr'>partibus</span> <span class='ocrx_word' id='word_1_244' title='bbox 800 2113 949 2169; x_wconf 89' lang='lat' dir='ltr'>Bruti</span> <span class='ocrx_word' id='word_1_245' title='bbox 964 2113 1105 2187; x_wconf 84' lang='lat' dir='ltr'>apud</span> <span class='ocrx_word' id='word_1_246' title='bbox 1126 2104 1401 2195; x_wconf 58' lang='lat' dir='ltr'>Philippos</span> <span class='ocrx_word' id='word_1_247' title='bbox 1416 2117 1470 2170; x_wconf 90' lang='lat' dir='ltr'>in</span> <span class='ocrx_word' id='word_1_248' title='bbox 1489 2115 1601 2172; x_wconf 82' lang='lat' dir='ltr'>acie</span> <span class='ocrx_word' id='word_1_249' title='bbox 1619 2114 1808 2172; x_wconf 78' lang='lat' dir='ltr'>stetiss&#39;e</span> <span class='ocrx_word' id='word_1_250' title='bbox 1824 2116 2018 2175; x_wconf 89' lang='lat' dir='ltr'>innuit.</span> <span class='ocrx_word' id='word_1_251' title='bbox 2061 2122 2266 2194; x_wconf 80' lang='lat' dir='ltr'>Agebat</span> 
     </span>
     <span class='ocr_line' id='line_1_26' title="bbox 266 2187 2265 2266; baseline 0.003 -19"><span class='ocrx_word' id='word_1_252' title='bbox 266 2204 388 2247; x_wconf 87' lang='lat' dir='ltr'>tum</span> <span class='ocrx_word' id='word_1_253' title='bbox 406 2190 573 2246; x_wconf 76' lang='lat' dir='ltr'>aetatis</span> <span class='ocrx_word' id='word_1_254' title='bbox 593 2207 795 2247; x_wconf 86' lang='lat' dir='ltr'>annum</span> <span class='ocrx_word' id='word_1_255' title='bbox 816 2187 1128 2244; x_wconf 82' lang='lat' dir='ltr'>vicefimum</span> <span class='ocrx_word' id='word_1_256' title='bbox 1149 2202 1371 2244; x_wconf 85' lang='lat' dir='ltr'>tertium</span> <span class='ocrx_word' id='word_1_257' title='bbox 1397 2189 1686 2266; x_wconf 80' lang='lat' dir='ltr'>:liquidem</span> <span class='ocrx_word' id='word_1_258' title='bbox 1703 2190 1915 2264; x_wconf 86' lang='lat' dir='ltr'>Lepido</span> <span class='ocrx_word' id='word_1_259' title='bbox 1943 2209 1960 2247; x_wconf 89' lang='lat'>1</span> <span class='ocrx_word' id='word_1_260' title='bbox 1981 2209 2023 2249; x_wconf 86' lang='grc' dir='ltr'>ι.</span> <span class='ocrx_word' id='word_1_261' title='bbox 2037 2192 2090 2250; x_wconf 68' lang='grc'>8(</span> <span class='ocrx_word' id='word_1_262' title='bbox 2111 2195 2265 2254; x_wconf 85' lang='lat' dir='ltr'>Plan-</span> 
     </span>
     <span class='ocr_line' id='line_1_27' title="bbox 270 2259 2267 2349; baseline 0.004 -30"><span class='ocrx_word' id='word_1_263' title='bbox 270 2281 342 2320; x_wconf 88' lang='lat' dir='ltr'>co</span> <span class='ocrx_word' id='word_1_264' title='bbox 375 2262 521 2321; x_wconf 84' lang='lat' dir='ltr'>Coss.</span> <span class='ocrx_word' id='word_1_265' title='bbox 555 2265 697 2349; x_wconf 85' lang='lat' dir='ltr'>apud</span> <span class='ocrx_word' id='word_1_266' title='bbox 737 2261 1011 2334; x_wconf 83' lang='lat' dir='ltr'>Philippos</span> <span class='ocrx_word' id='word_1_267' title='bbox 1048 2259 1210 2333; x_wconf 86' lang='lat' dir='ltr'>periit</span> <span class='ocrx_word' id='word_1_268' title='bbox 1232 2264 1462 2328; x_wconf 78' lang='lat' dir='ltr'>Brutus,</span> <span class='ocrx_word' id='word_1_269' title='bbox 1494 2263 1642 2338; x_wconf 88' lang='lat' dir='ltr'>quod</span> <span class='ocrx_word' id='word_1_270' title='bbox 1683 2265 1850 2321; x_wconf 80' lang='lat' dir='ltr'>velex</span> <span class='ocrx_word' id='word_1_271' title='bbox 1868 2266 2058 2324; x_wconf 88' lang='lat' dir='ltr'>Dionis</span> <span class='ocrx_word' id='word_1_272' title='bbox 2077 2288 2267 2328; x_wconf 69' lang='lat' dir='ltr'>xtvu.</span> 
     </span>
     <span class='ocr_line' id='line_1_28' title="bbox 267 2336 2314 2416; baseline 0.004 -23"><span class='ocrx_word' id='word_1_273' title='bbox 267 2338 408 2394; x_wconf 89' lang='lat' dir='ltr'>libro</span> <span class='ocrx_word' id='word_1_274' title='bbox 424 2338 607 2394; x_wconf 87' lang='lat' dir='ltr'>doceri</span> <span class='ocrx_word' id='word_1_275' title='bbox 630 2336 816 2410; x_wconf 89' lang='lat' dir='ltr'>potest.</span> <span class='ocrx_word' id='word_1_276' title='bbox 832 2338 887 2391; x_wconf 71' lang='lat'>8&lt;</span> <span class='ocrx_word' id='word_1_277' title='bbox 900 2336 1120 2411; x_wconf 83' lang='lat' dir='ltr'>quidein</span> <span class='ocrx_word' id='word_1_278' title='bbox 1140 2336 1392 2393; x_wconf 89' lang='lat' dir='ltr'>meminit</span> <span class='ocrx_word' id='word_1_279' title='bbox 1409 2337 1570 2412; x_wconf 84' lang='lat' dir='ltr'>hujus</span> <span class='ocrx_word' id='word_1_280' title='bbox 1590 2339 1738 2399; x_wconf 83' lang='lat' dir='ltr'>anni.</span> <span class='ocrx_word' id='word_1_281' title='bbox 1751 2358 1879 2395; x_wconf 89' lang='lat' dir='ltr'>cum</span> <span class='ocrx_word' id='word_1_282' title='bbox 1891 2340 1942 2397; x_wconf 91' lang='lat' dir='ltr'>se</span> <span class='ocrx_word' id='word_1_283' title='bbox 1953 2340 2264 2416; x_wconf 74' lang='lat' dir='ltr'>calidusnju-</span> <span class='ocrx_word' id='word_1_284' title='bbox 2309 2405 2314 2410; x_wconf 69' lang='grc'><em>,</em></span> 
     </span>
     <span class='ocr_line' id='line_1_29' title="bbox 257 2409 2262 2486; baseline 0.002 -17"><span class='ocrx_word' id='word_1_285' title='bbox 257 2427 426 2469; x_wconf 77' lang='lat' dir='ltr'>venta</span> <span class='ocrx_word' id='word_1_286' title='bbox 444 2412 596 2469; x_wconf 79' lang='lat' dir='ltr'>fuisse</span> <span class='ocrx_word' id='word_1_287' title='bbox 613 2412 684 2469; x_wconf 84' lang='lat' dir='ltr'>ait</span> <span class='ocrx_word' id='word_1_288' title='bbox 699 2409 900 2486; x_wconf 75' lang='lat' dir='ltr'>Consule</span> <span class='ocrx_word' id='word_1_289' title='bbox 915 2409 1095 2468; x_wconf 80' lang='lat' dir='ltr'>Planco</span> <span class='ocrx_word' id='word_1_290' title='bbox 1111 2410 1227 2481; x_wconf 84' lang='lat' dir='ltr'>(hb.</span> <span class='ocrx_word' id='word_1_291' title='bbox 1254 2427 1272 2466; x_wconf 91' lang='grc' dir='ltr'><strong><em>ι</em></strong></span> <span class='ocrx_word' id='word_1_292' title='bbox 1291 2429 1311 2466; x_wconf 87' lang='grc' dir='ltr'><strong><em>ι</em></strong></span> <span class='ocrx_word' id='word_1_293' title='bbox 1332 2430 1374 2468; x_wconf 83' lang='grc' dir='ltr'>ι,</span> <span class='ocrx_word' id='word_1_294' title='bbox 1395 2412 1508 2468; x_wconf 88' lang='lat' dir='ltr'>Od.</span> <span class='ocrx_word' id='word_1_295' title='bbox 1528 2428 1591 2467; x_wconf 82' lang='lat' dir='ltr'>xi</span> <span class='ocrx_word' id='word_1_296' title='bbox 1605 2415 1679 2483; x_wconf 75' lang='grc' dir='ltr'>ν’.)</span> <span class='ocrx_word' id='word_1_297' title='bbox 1692 2413 1981 2471; x_wconf 86' lang='lat' dir='ltr'>SubBruto</span> <span class='ocrx_word' id='word_1_298' title='bbox 1991 2434 2118 2473; x_wconf 90' lang='lat' dir='ltr'>eum</span> <span class='ocrx_word' id='word_1_299' title='bbox 2134 2419 2262 2473; x_wconf 85' lang='lat' dir='ltr'>Tri-</span> 
     </span>
     <span class='ocr_line' id='line_1_30' title="bbox 262 2484 2257 2562; baseline 0.003 -19"><span class='ocrx_word' id='word_1_300' title='bbox 262 2487 475 2544; x_wconf 90' lang='lat' dir='ltr'>bunum</span> <span class='ocrx_word' id='word_1_301' title='bbox 515 2487 682 2559; x_wconf 90' lang='lat' dir='ltr'>plebis</span> <span class='ocrx_word' id='word_1_302' title='bbox 711 2486 876 2542; x_wconf 89' lang='lat' dir='ltr'>credo</span> <span class='ocrx_word' id='word_1_303' title='bbox 915 2484 1097 2541; x_wconf 80' lang='lat' dir='ltr'>suiffe:</span> <span class='ocrx_word' id='word_1_304' title='bbox 1131 2486 1257 2541; x_wconf 80' lang='lat' dir='ltr'>ham</span> <span class='ocrx_word' id='word_1_305' title='bbox 1293 2504 1421 2542; x_wconf 91' lang='lat' dir='ltr'>eum</span> <span class='ocrx_word' id='word_1_306' title='bbox 1452 2488 1717 2546; x_wconf 87' lang='lat' dir='ltr'>honorem</span> <span class='ocrx_word' id='word_1_307' title='bbox 1748 2487 2011 2545; x_wconf 72' lang='lat' dir='ltr'>asefuiss‘e</span> <span class='ocrx_word' id='word_1_308' title='bbox 2025 2491 2257 2562; x_wconf 83' lang='lat' dir='ltr'>gestum.</span> 
     </span>
     <span class='ocr_line' id='line_1_31' title="bbox 262 2560 2262 2635; baseline 0.004 -19"><span class='ocrx_word' id='word_1_309' title='bbox 262 2561 373 2629; x_wconf 84' lang='lat' dir='ltr'>ipse</span> <span class='ocrx_word' id='word_1_310' title='bbox 390 2561 482 2618; x_wconf 89' lang='lat' dir='ltr'>lib.</span> <span class='ocrx_word' id='word_1_311' title='bbox 512 2580 557 2621; x_wconf 88' lang='lat'>1.</span> <span class='ocrx_word' id='word_1_312' title='bbox 587 2565 693 2631; x_wconf 79' lang='lat' dir='ltr'>Sat.</span> <span class='ocrx_word' id='word_1_313' title='bbox 714 2577 803 2618; x_wconf 81' lang='lat' dir='ltr'>v1.</span> <span class='ocrx_word' id='word_1_314' title='bbox 840 2560 909 2615; x_wconf 90' lang='lat' dir='ltr'>V.</span> <span class='ocrx_word' id='word_1_315' title='bbox 931 2575 1149 2620; x_wconf 71' lang='lat' dir='ltr'>xtvnt.</span> <span class='ocrx_word' id='word_1_316' title='bbox 1173 2576 1582 2616; x_wconf 86' lang='lat' dir='ltr'>commemorat.</span> <span class='ocrx_word' id='word_1_317' title='bbox 1618 2560 1724 2615; x_wconf 86' lang='lat' dir='ltr'>Sed</span> <span class='ocrx_word' id='word_1_318' title='bbox 1737 2560 1912 2617; x_wconf 88' lang='lat' dir='ltr'>statim</span> <span class='ocrx_word' id='word_1_319' title='bbox 1933 2563 2050 2635; x_wconf 86' lang='lat' dir='ltr'>post</span> <span class='ocrx_word' id='word_1_320' title='bbox 2069 2561 2262 2623; x_wconf 83' lang='lat' dir='ltr'>infelix</span> 
     </span>
     <span class='ocr_line' id='line_1_32' title="bbox 257 2631 2263 2709; baseline 0.004 -19"><span class='ocrx_word' id='word_1_321' title='bbox 257 2634 397 2691; x_wconf 88' lang='lat' dir='ltr'>illud</span> <span class='ocrx_word' id='word_1_322' title='bbox 426 2634 628 2692; x_wconf 87' lang='lat' dir='ltr'>bellum</span> <span class='ocrx_word' id='word_1_323' title='bbox 655 2632 881 2708; x_wconf 77' lang='lat' dir='ltr'>poe&#39;ticae</span> <span class='ocrx_word' id='word_1_324' title='bbox 903 2631 954 2690; x_wconf 89' lang='lat' dir='ltr'>se</span> <span class='ocrx_word' id='word_1_325' title='bbox 987 2631 1184 2688; x_wconf 77' lang='lat' dir='ltr'>dediile</span> <span class='ocrx_word' id='word_1_326' title='bbox 1209 2668 1225 2695; x_wconf 88' lang='lat'>‚</span> <span class='ocrx_word' id='word_1_327' title='bbox 1259 2633 1401 2690; x_wconf 59' lang='lat' dir='ltr'>dicia</span> <span class='ocrx_word' id='word_1_328' title='bbox 1433 2635 1499 2691; x_wconf 90' lang='lat' dir='ltr'>ad</span> <span class='ocrx_word' id='word_1_329' title='bbox 1527 2632 1737 2709; x_wconf 85' lang='lat' dir='ltr'>Julium</span> <span class='ocrx_word' id='word_1_330' title='bbox 1774 2635 1992 2693; x_wconf 84' lang='lat' dir='ltr'>Florum</span> <span class='ocrx_word' id='word_1_331' title='bbox 2024 2639 2263 2706; x_wconf 84' lang='lat' dir='ltr'>Epistola</span> 
     </span>
     <span class='ocr_line' id='line_1_33' title="bbox 257 2705 2260 2783; baseline 0.003 -19"><span class='ocrx_word' id='word_1_332' title='bbox 257 2708 527 2765; x_wconf 88' lang='lat' dir='ltr'>ostendit:</span> <span class='ocrx_word' id='word_1_333' title='bbox 558 2709 611 2764; x_wconf 75' lang='grc' dir='ltr'>δι</span> <span class='ocrx_word' id='word_1_334' title='bbox 638 2722 857 2780; x_wconf 84' lang='lat' dir='ltr'>apparet</span> <span class='ocrx_word' id='word_1_335' title='bbox 887 2725 955 2762; x_wconf 78' lang='lat' dir='ltr'>ex</span> <span class='ocrx_word' id='word_1_336' title='bbox 987 2705 1112 2763; x_wconf 85' lang='lat' dir='ltr'>Oda</span> <span class='ocrx_word' id='word_1_337' title='bbox 1130 2723 1190 2761; x_wconf 79' lang='lat' dir='ltr'>vi</span> <span class='ocrx_word' id='word_1_338' title='bbox 1212 2725 1256 2762; x_wconf 88' lang='lat'>1.</span> <span class='ocrx_word' id='word_1_339' title='bbox 1277 2706 1400 2763; x_wconf 81' lang='lat' dir='ltr'>libri</span> <span class='ocrx_word' id='word_1_340' title='bbox 1426 2726 1443 2763; x_wconf 85' lang='lat'>1</span> <span class='ocrx_word' id='word_1_341' title='bbox 1466 2726 1508 2765; x_wconf 91' lang='grc' dir='ltr'>ι.</span> <span class='ocrx_word' id='word_1_342' title='bbox 1528 2727 1586 2763; x_wconf 81' lang='grc' dir='ltr'>ιιι</span> <span class='ocrx_word' id='word_1_343' title='bbox 1603 2707 1808 2765; x_wconf 86' lang='lat' dir='ltr'>bellum</span> <span class='ocrx_word' id='word_1_344' title='bbox 1824 2726 1950 2766; x_wconf 85' lang='lat' dir='ltr'>eum</span> <span class='ocrx_word' id='word_1_345' title='bbox 1973 2711 2260 2783; x_wconf 74' lang='lat' dir='ltr'>postmodo</span> 
     </span>
     <span class='ocr_line' id='line_1_34' title="bbox 256 2780 2264 2863; baseline 0.001 -23"><span class='ocrx_word' id='word_1_346' title='bbox 256 2802 373 2840; x_wconf 87' lang='lat' dir='ltr'>non</span> <span class='ocrx_word' id='word_1_347' title='bbox 399 2782 623 2840; x_wconf 85' lang='lat' dir='ltr'>rediisse.</span> <span class='ocrx_word' id='word_1_348' title='bbox 661 2782 767 2837; x_wconf 87' lang='lat' dir='ltr'>Sed</span> <span class='ocrx_word' id='word_1_349' title='bbox 802 2781 857 2837; x_wconf 83' lang='lat'>&amp;</span> <span class='ocrx_word' id='word_1_350' title='bbox 891 2780 1183 2836; x_wconf 87' lang='lat' dir='ltr'>Suetonius</span> <span class='ocrx_word' id='word_1_351' title='bbox 1209 2783 1452 2863; x_wconf 71' lang='lat' dir='ltr'>(putatur</span> <span class='ocrx_word' id='word_1_352' title='bbox 1501 2780 1683 2837; x_wconf 80' lang='lat' dir='ltr'>saltem</span> <span class='ocrx_word' id='word_1_353' title='bbox 1733 2782 1850 2855; x_wconf 85' lang='lat' dir='ltr'>ejus</span> <span class='ocrx_word' id='word_1_354' title='bbox 1886 2784 1998 2841; x_wconf 78' lang='lat' dir='ltr'>vita</span> <span class='ocrx_word' id='word_1_355' title='bbox 2025 2788 2264 2850; x_wconf 85' lang='lat' dir='ltr'>Horatii,</span> 
     </span>
     <span class='ocr_line' id='line_1_35' title="bbox 257 2852 2261 2932; baseline 0.003 -20"><span class='ocrx_word' id='word_1_356' title='bbox 257 2877 421 2932; x_wconf 86' lang='lat' dir='ltr'>quam</span> <span class='ocrx_word' id='word_1_357' title='bbox 458 2875 526 2914; x_wconf 86' lang='lat' dir='ltr'>ex</span> <span class='ocrx_word' id='word_1_358' title='bbox 567 2854 836 2912; x_wconf 81' lang='lat' dir='ltr'>veteribus</span> <span class='ocrx_word' id='word_1_359' title='bbox 868 2852 1018 2910; x_wconf 88' lang='lat' dir='ltr'>libris</span> <span class='ocrx_word' id='word_1_360' title='bbox 1050 2857 1300 2909; x_wconf 87' lang='lat' dir='ltr'>Nanmus</span> <span class='ocrx_word' id='word_1_361' title='bbox 1320 2853 1579 2926; x_wconf 84' lang='lat' dir='ltr'>prodidit)</span> <span class='ocrx_word' id='word_1_362' title='bbox 1613 2854 1757 2911; x_wconf 90' lang='lat' dir='ltr'>idem</span> <span class='ocrx_word' id='word_1_363' title='bbox 1769 2855 1961 2913; x_wconf 88' lang='lat' dir='ltr'>sentit:</span> <span class='ocrx_word' id='word_1_364' title='bbox 1999 2859 2129 2916; x_wconf 84' lang='lat' dir='ltr'>&amp;in</span> <span class='ocrx_word' id='word_1_365' title='bbox 2152 2862 2261 2920; x_wconf 84' lang='lat' dir='ltr'>vita</span> 
     </span>
     <span class='ocr_line' id='line_1_36' title="bbox 252 2926 2259 3006; baseline 0.002 -18"><span class='ocrx_word' id='word_1_366' title='bbox 252 2931 468 2988; x_wconf 82' lang='lat' dir='ltr'>Horatii</span> <span class='ocrx_word' id='word_1_367' title='bbox 501 2930 748 2987; x_wconf 86' lang='lat' dir='ltr'>breviore</span> <span class='ocrx_word' id='word_1_368' title='bbox 779 2927 972 2984; x_wconf 86' lang='lat' dir='ltr'>incerti</span> <span class='ocrx_word' id='word_1_369' title='bbox 991 2928 1222 2983; x_wconf 62' lang='lat' dir='ltr'>auclloris</span> <span class='ocrx_word' id='word_1_370' title='bbox 1240 2926 1384 2983; x_wconf 88' lang='lat' dir='ltr'>idem</span> <span class='ocrx_word' id='word_1_371' title='bbox 1396 2929 1507 2984; x_wconf 87' lang='lat' dir='ltr'>est:</span> <span class='ocrx_word' id='word_1_372' title='bbox 1545 2926 1711 3002; x_wconf 89' lang='lat' dir='ltr'>idque</span> <span class='ocrx_word' id='word_1_373' title='bbox 1726 2944 1974 3003; x_wconf 87' lang='lat' dir='ltr'>praeterea</span> <span class='ocrx_word' id='word_1_374' title='bbox 1993 2971 2008 2995; x_wconf 87' lang='lat'><strong>‚</strong></span> <span class='ocrx_word' id='word_1_375' title='bbox 2038 2950 2259 3006; x_wconf 86' lang='lat' dir='ltr'>captum</span> 
     </span>
     <span class='ocr_line' id='line_1_37' title="bbox 249 3000 2259 3078; baseline 0.002 -19"><span class='ocrx_word' id='word_1_376' title='bbox 249 3005 581 3076; x_wconf 84' lang='lat' dir='ltr'>Philippenfi</span> <span class='ocrx_word' id='word_1_377' title='bbox 614 3003 759 3060; x_wconf 86' lang='lat' dir='ltr'>bello</span> <span class='ocrx_word' id='word_1_378' title='bbox 778 3003 810 3061; x_wconf 72' lang='grc' dir='ltr'><strong>ὲ</strong></span> <span class='ocrx_word' id='word_1_379' title='bbox 823 3001 1024 3059; x_wconf 80' lang='lat' dir='ltr'>Caesare</span> <span class='ocrx_word' id='word_1_380' title='bbox 1041 3000 1333 3058; x_wconf 85' lang='lat' dir='ltr'>Horatium</span> <span class='ocrx_word' id='word_1_381' title='bbox 1350 3037 1367 3062; x_wconf 85' lang='lat'><strong>,</strong></span> <span class='ocrx_word' id='word_1_382' title='bbox 1407 3002 1524 3073; x_wconf 86' lang='lat' dir='ltr'>post</span> <span class='ocrx_word' id='word_1_383' title='bbox 1544 3019 1798 3076; x_wconf 84' lang='lat' dir='ltr'>magnum</span> <span class='ocrx_word' id='word_1_384' title='bbox 1816 3022 2030 3078; x_wconf 88' lang='lat' dir='ltr'>tempus</span> <span class='ocrx_word' id='word_1_385' title='bbox 2050 3007 2259 3065; x_wconf 84' lang='lat' dir='ltr'>benefi-</span> 
     </span>
     <span class='ocr_line' id='line_1_38' title="bbox 250 3075 2255 3154; baseline 0.003 -20"><span class='ocrx_word' id='word_1_386' title='bbox 250 3079 341 3134; x_wconf 88' lang='lat' dir='ltr'>cio</span> <span class='ocrx_word' id='word_1_387' title='bbox 380 3080 689 3136; x_wconf 75' lang='lat' dir='ltr'>Maecenatis</span> <span class='ocrx_word' id='word_1_388' title='bbox 723 3094 837 3134; x_wconf 89' lang='lat' dir='ltr'>non</span> <span class='ocrx_word' id='word_1_389' title='bbox 869 3075 1042 3133; x_wconf 90' lang='lat' dir='ltr'>solum</span> <span class='ocrx_word' id='word_1_390' title='bbox 1073 3078 1337 3130; x_wconf 70' lang='lat' dir='ltr'>{ervatum</span> <span class='ocrx_word' id='word_1_391' title='bbox 1356 3112 1373 3135; x_wconf 68' lang='lat'><em>2</em></span> <span class='ocrx_word' id='word_1_392' title='bbox 1404 3075 1491 3131; x_wconf 87' lang='lat' dir='ltr'>sed</span> <span class='ocrx_word' id='word_1_393' title='bbox 1526 3075 1648 3132; x_wconf 84' lang='lat' dir='ltr'>&amp;in</span> <span class='ocrx_word' id='word_1_394' title='bbox 1667 3076 1956 3136; x_wconf 84' lang='lat' dir='ltr'>amicitiam</span> <span class='ocrx_word' id='word_1_395' title='bbox 1975 3099 2255 3154; x_wconf 87' lang='lat' dir='ltr'>receptum</span> 
     </span>
     <span class='ocr_line' id='line_1_39' title="bbox 248 3147 2253 3227; baseline 0.001 -18"><span class='ocrx_word' id='word_1_396' title='bbox 248 3151 373 3209; x_wconf 81' lang='lat' dir='ltr'>effe.</span> <span class='ocrx_word' id='word_1_397' title='bbox 406 3154 572 3210; x_wconf 83' lang='lat' dir='ltr'>Bonis</span> <span class='ocrx_word' id='word_1_398' title='bbox 608 3148 840 3226; x_wconf 85' lang='lat' dir='ltr'>paternis</span> <span class='ocrx_word' id='word_1_399' title='bbox 874 3154 925 3206; x_wconf 85' lang='lat' dir='ltr'>se</span> <span class='ocrx_word' id='word_1_400' title='bbox 954 3164 1183 3204; x_wconf 83' lang='lat' dir='ltr'>exutum</span> <span class='ocrx_word' id='word_1_401' title='bbox 1220 3165 1291 3203; x_wconf 91' lang='lat' dir='ltr'>eo</span> <span class='ocrx_word' id='word_1_402' title='bbox 1309 3147 1450 3206; x_wconf 86' lang='lat' dir='ltr'>bello</span> <span class='ocrx_word' id='word_1_403' title='bbox 1463 3149 1720 3208; x_wconf 84' lang='lat' dir='ltr'>Horatius</span> <span class='ocrx_word' id='word_1_404' title='bbox 1737 3152 1856 3210; x_wconf 72' lang='lat' dir='ltr'>fatis</span> <span class='ocrx_word' id='word_1_405' title='bbox 1872 3155 2052 3227; x_wconf 75' lang='lat' dir='ltr'>aperte</span> <span class='ocrx_word' id='word_1_406' title='bbox 2067 3157 2253 3227; x_wconf 87' lang='lat' dir='ltr'>prodi-</span> 
     </span>
     <span class='ocr_line' id='line_1_40' title="bbox 251 3221 2255 3299; baseline 0.002 -17"><span class='ocrx_word' id='word_1_407' title='bbox 251 3228 335 3288; x_wconf 88' lang='lat' dir='ltr'>dit</span> <span class='ocrx_word' id='word_1_408' title='bbox 358 3247 373 3283; x_wconf 87' lang='lat'>:</span> <span class='ocrx_word' id='word_1_409' title='bbox 405 3227 471 3283; x_wconf 87' lang='lat' dir='ltr'>de</span> <span class='ocrx_word' id='word_1_410' title='bbox 483 3227 795 3299; x_wconf 88' lang='lat' dir='ltr'>captivitate</span> <span class='ocrx_word' id='word_1_411' title='bbox 815 3223 970 3282; x_wconf 88' lang='lat' dir='ltr'>nihil.</span> <span class='ocrx_word' id='word_1_412' title='bbox 1009 3221 1158 3297; x_wconf 89' lang='lat' dir='ltr'>quod</span> <span class='ocrx_word' id='word_1_413' title='bbox 1177 3235 1357 3278; x_wconf 88' lang='lat' dir='ltr'>tamen</span> <span class='ocrx_word' id='word_1_414' title='bbox 1378 3221 1828 3284; x_wconf 78' lang='lat' dir='ltr'>diffimulaturum</span> <span class='ocrx_word' id='word_1_415' title='bbox 1848 3227 1943 3283; x_wconf 84' lang='lat' dir='ltr'>vix</span> <span class='ocrx_word' id='word_1_416' title='bbox 1962 3245 2114 3299; x_wconf 84' lang='lat' dir='ltr'>puto,</span> <span class='ocrx_word' id='word_1_417' title='bbox 2125 3248 2255 3286; x_wconf 92' lang='lat' dir='ltr'>cum</span> 
     </span>
     <span class='ocr_line' id='line_1_41' title="bbox 247 3295 2255 3374; baseline -0.001 -17"><span class='ocrx_word' id='word_1_418' title='bbox 247 3301 351 3357; x_wconf 86' lang='lat' dir='ltr'>alia</span> <span class='ocrx_word' id='word_1_419' title='bbox 370 3297 561 3358; x_wconf 83' lang='lat' dir='ltr'>referat</span> <span class='ocrx_word' id='word_1_420' title='bbox 572 3300 660 3357; x_wconf 86' lang='lat' dir='ltr'>sua</span> <span class='ocrx_word' id='word_1_421' title='bbox 679 3299 1052 3372; x_wconf 84' lang='lat' dir='ltr'>pericula‚quae</span> <span class='ocrx_word' id='word_1_422' title='bbox 1073 3295 1379 3352; x_wconf 72' lang='lat' dir='ltr'>Maecenatis</span> <span class='ocrx_word' id='word_1_423' title='bbox 1389 3314 1490 3353; x_wconf 86' lang='lat' dir='ltr'>-aut</span> <span class='ocrx_word' id='word_1_424' title='bbox 1508 3296 1670 3371; x_wconf 83' lang='lat' dir='ltr'>ipfius</span> <span class='ocrx_word' id='word_1_425' title='bbox 1687 3301 1770 3355; x_wconf 84' lang='lat' dir='ltr'>Au</span> <span class='ocrx_word' id='word_1_426' title='bbox 1814 3300 1914 3357; x_wconf 90' lang='lat' dir='ltr'>usti</span> <span class='ocrx_word' id='word_1_427' title='bbox 1931 3302 2255 3374; x_wconf 76' lang='lat' dir='ltr'>praedicandi</span> 
     </span>
     <span class='ocr_line' id='line_1_42' title="bbox 249 3370 2252 3450; baseline 0 -19"><span class='ocrx_word' id='word_1_428' title='bbox 249 3374 527 3433; x_wconf 84' lang='lat' dir='ltr'>materiam</span> <span class='ocrx_word' id='word_1_429' title='bbox 547 3393 659 3430; x_wconf 90' lang='lat' dir='ltr'>non</span> <span class='ocrx_word' id='word_1_430' title='bbox 678 3390 829 3450; x_wconf 82' lang='lat' dir='ltr'>aeque</span> <span class='ocrx_word' id='word_1_431' title='bbox 846 3370 1259 3443; x_wconf 78' lang='lat' dir='ltr'>stippeditarent.</span> <span class='ocrx_word' id='word_1_432' title='bbox 1303 3370 1568 3436; x_wconf 82' lang='lat' dir='ltr'>Evitatam</span> <span class='ocrx_word' id='word_1_433' title='bbox 1584 3372 1616 3429; x_wconf 71' lang='lat' dir='ltr'>a</span> <span class='ocrx_word' id='word_1_434' title='bbox 1630 3372 1764 3428; x_wconf 76' lang='lat' dir='ltr'>lecae</span> <span class='ocrx_word' id='word_1_435' title='bbox 1804 3392 1890 3429; x_wconf 90' lang='lat' dir='ltr'>em</span> <span class='ocrx_word' id='word_1_436' title='bbox 1910 3373 1968 3430; x_wconf 90' lang='lat' dir='ltr'>in</span> <span class='ocrx_word' id='word_1_437' title='bbox 1990 3393 2168 3449; x_wconf 85' lang='lat' dir='ltr'>pugna</span> <span class='ocrx_word' id='word_1_438' title='bbox 2186 3377 2252 3432; x_wconf 88' lang='lat' dir='ltr'>ad</span> 
     </span>
     <span class='ocr_line' id='line_1_43' title="bbox 243 3442 2255 3522; baseline 0.001 -18"><span class='ocrx_word' id='word_1_439' title='bbox 243 3449 558 3522; x_wconf 86' lang='lat' dir='ltr'>Philippos,</span> <span class='ocrx_word' id='word_1_440' title='bbox 592 3448 757 3505; x_wconf 86' lang='lat' dir='ltr'>etiam</span> <span class='ocrx_word' id='word_1_441' title='bbox 794 3444 918 3501; x_wconf 85' lang='lat' dir='ltr'>alibi</span> <span class='ocrx_word' id='word_1_442' title='bbox 936 3442 1131 3507; x_wconf 81' lang='lat' dir='ltr'>refert,</span> <span class='ocrx_word' id='word_1_443' title='bbox 1167 3460 1406 3518; x_wconf 87' lang='lat' dir='ltr'>utquam</span> <span class='ocrx_word' id='word_1_444' title='bbox 1427 3445 1595 3504; x_wconf 88' lang='lat' dir='ltr'>modo</span> <span class='ocrx_word' id='word_1_445' title='bbox 1614 3445 1728 3502; x_wconf 82' lang='lat' dir='ltr'>dixi</span> <span class='ocrx_word' id='word_1_446' title='bbox 1750 3447 1905 3511; x_wconf 87' lang='lat' dir='ltr'>Oda,</span> <span class='ocrx_word' id='word_1_447' title='bbox 1943 3450 1997 3502; x_wconf 71' lang='grc' dir='ltr'>ὃς</span> <span class='ocrx_word' id='word_1_448' title='bbox 2016 3449 2137 3505; x_wconf 87' lang='lat' dir='ltr'>Oda</span> <span class='ocrx_word' id='word_1_449' title='bbox 2167 3467 2255 3507; x_wconf 79' lang='lat' dir='ltr'>iv.</span> 
     </span>
     <span class='ocr_line' id='line_1_44' title="bbox 252 3518 2251 3592; baseline 0.002 -14"><span class='ocrx_word' id='word_1_450' title='bbox 252 3542 301 3578; x_wconf 83' lang='lat' dir='ltr'>v.</span> <span class='ocrx_word' id='word_1_451' title='bbox 327 3541 493 3580; x_wconf 79' lang='lat' dir='ltr'>xxvi.</span> <span class='ocrx_word' id='word_1_452' title='bbox 536 3522 658 3578; x_wconf 91' lang='lat' dir='ltr'>libri</span> <span class='ocrx_word' id='word_1_453' title='bbox 697 3520 878 3579; x_wconf 87' lang='lat' dir='ltr'>tertii:</span> <span class='ocrx_word' id='word_1_454' title='bbox 915 3520 1008 3574; x_wconf 86' lang='lat' dir='ltr'>ubi</span> <span class='ocrx_word' id='word_1_455' title='bbox 1040 3519 1200 3574; x_wconf 88' lang='lat' dir='ltr'>etiam</span> <span class='ocrx_word' id='word_1_456' title='bbox 1240 3518 1308 3572; x_wconf 87' lang='lat' dir='ltr'>dc</span> <span class='ocrx_word' id='word_1_457' title='bbox 1326 3518 1587 3592; x_wconf 83' lang='lat' dir='ltr'>naufragii</span> <span class='ocrx_word' id='word_1_458' title='bbox 1607 3519 1923 3592; x_wconf 90' lang='lat' dir='ltr'>pericuload</span> <span class='ocrx_word' id='word_1_459' title='bbox 1940 3520 2251 3581; x_wconf 83' lang='lat' dir='ltr'>Palinurum</span> 
     </span>
     <span class='ocr_line' id='line_1_45' title="bbox 247 3592 2256 3668; baseline -0.001 -13"><span class='ocrx_word' id='word_1_460' title='bbox 247 3598 498 3655; x_wconf 67' lang='lat' dir='ltr'>Lucaniae</span> <span class='ocrx_word' id='word_1_461' title='bbox 536 3601 973 3665; x_wconf 83' lang='lat' dir='ltr'>promontorium</span> <span class='ocrx_word' id='word_1_462' title='bbox 1006 3592 1250 3665; x_wconf 85' lang='lat' dir='ltr'>superato</span> <span class='ocrx_word' id='word_1_463' title='bbox 1270 3592 1605 3648; x_wconf 86' lang='lat' dir='ltr'>mentionem</span> <span class='ocrx_word' id='word_1_464' title='bbox 1626 3592 1767 3649; x_wconf 86' lang='lat' dir='ltr'>facit.</span> <span class='ocrx_word' id='word_1_465' title='bbox 1810 3593 2025 3651; x_wconf 79' lang='lat' dir='ltr'>Arboris</span> <span class='ocrx_word' id='word_1_466' title='bbox 2038 3594 2180 3668; x_wconf 86' lang='lat' dir='ltr'>lapsu</span> <span class='ocrx_word' id='word_1_467' title='bbox 2202 3596 2256 3654; x_wconf 86' lang='lat' dir='ltr'>se</span> 
     </span>
     <span class='ocr_line' id='line_1_46' title="bbox 240 3664 2256 3746; baseline -0 -17"><span class='ocrx_word' id='word_1_468' title='bbox 240 3675 401 3742; x_wconf 74' lang='lat' dir='ltr'>,paene</span> <span class='ocrx_word' id='word_1_469' title='bbox 436 3669 587 3729; x_wconf 82' lang='lat' dir='ltr'>fuisse</span> <span class='ocrx_word' id='word_1_470' title='bbox 607 3669 917 3745; x_wconf 74' lang='lat' dir='ltr'>oppressum</span> <span class='ocrx_word' id='word_1_471' title='bbox 935 3707 953 3731; x_wconf 88' lang='lat'>‚</span> <span class='ocrx_word' id='word_1_472' title='bbox 991 3685 1151 3742; x_wconf 88' lang='lat' dir='ltr'>quam</span> <span class='ocrx_word' id='word_1_473' title='bbox 1169 3664 1302 3746; x_wconf 78' lang='lat' dir='ltr'>saepe</span> <span class='ocrx_word' id='word_1_474' title='bbox 1320 3667 1482 3722; x_wconf 87' lang='lat' dir='ltr'>etiam</span> <span class='ocrx_word' id='word_1_475' title='bbox 1496 3666 1622 3725; x_wconf 85' lang='lat' dir='ltr'>alibi</span> <span class='ocrx_word' id='word_1_476' title='bbox 1642 3665 1809 3727; x_wconf 76' lang='lat' dir='ltr'>dicit?</span> <span class='ocrx_word' id='word_1_477' title='bbox 1844 3685 1906 3725; x_wconf 85' lang='lat' dir='ltr'>ut</span> <span class='ocrx_word' id='word_1_478' title='bbox 1925 3668 2063 3726; x_wconf 72' lang='lat' dir='ltr'>Odis</span> <span class='ocrx_word' id='word_1_479' title='bbox 2083 3688 2147 3727; x_wconf 79' lang='lat' dir='ltr'>xi</span> <span class='ocrx_word' id='word_1_480' title='bbox 2167 3689 2185 3726; x_wconf 89' lang='grc' dir='ltr'><strong><em>ι</em></strong></span> <span class='ocrx_word' id='word_1_481' title='bbox 2204 3689 2224 3727; x_wconf 91' lang='grc' dir='ltr'><strong><em>ι</em></strong></span> <span class='ocrx_word' id='word_1_482' title='bbox 2239 3712 2256 3729; x_wconf 91' lang='grc'><strong>.</strong></span> 
     </span>
     <span class='ocr_line' id='line_1_47' title="bbox 246 3739 2230 3877; baseline -0.003 -75"><span class='ocrx_word' id='word_1_483' title='bbox 246 3746 625 3809; x_wconf 80' lang='lat' dir='ltr'>&amp;xv11.libri</span> <span class='ocrx_word' id='word_1_484' title='bbox 645 3739 1366 3804; x_wconf 75' lang='lat' dir='ltr'>secundi&amp;0dav111.hb.</span> <span class='ocrx_word' id='word_1_485' title='bbox 1393 3758 1514 3801; x_wconf 86' lang='grc' dir='ltr'><strong><em>ιιι.</em></strong></span> <span class='ocrx_word' id='word_1_486' title='bbox 2055 3820 2102 3877; x_wconf 66' lang='grc' dir='ltr'><strong>Α</strong></span> <span class='ocrx_word' id='word_1_487' title='bbox 2165 3817 2176 3828; x_wconf 40' lang='grc'><em>·</em></span> <span class='ocrx_word' id='word_1_488' title='bbox 2217 3818 2230 3830; x_wconf 32' lang='lat'><strong>⁹</strong></span> 
     </span>
     <span class='ocr_line' id='line_1_48' title="bbox 1065 3837 2260 3877; baseline -0.001 -3"><span class='ocrx_word' id='word_1_489' title='bbox 1065 3853 1069 3857; x_wconf 96' lang='lat'>-</span> <span class='ocrx_word' id='word_1_490' title='bbox 2001 3839 2004 3840; x_wconf 46' lang='lat'><em>⁷</em></span> <span class='ocrx_word' id='word_1_491' title='bbox 2104 3837 2260 3877; x_wconf 79' lang='lat' dir='ltr'>mici-</span> 
     </span>
    </p>
   </div>
  </div>
 </body>
</html>
