2523 4464
972 239 1527 314 QHORATH
1577 239 1831 299 νιτΑ.

388 333 540 392 Tum
568 349 686 408 quae
717 330 953 414 Epistola
981 332 1202 405 septima
1222 332 1344 388 libri
1364 333 1555 407 prioris
1569 334 1867 397 habentur,
1896 329 2071 404 lepida
2075 329 2235 408 juxta
2247 347 2426 416 atque
2513 386 2514 389 ,

390 423 592 482 arguta.
609 410 660 463 &
675 406 774 462 alia
791 406 844 461 id
858 425 1045 479 genus.
1087 408 1294 463 Laudat
1312 425 1489 464 autem
1505 424 1660 484 grato
1680 406 1865 464 animo
1887 410 2253 470 Maecenatem‚
2266 409 2420 483 ejus-

387 500 495 611 qkue
515 484 767 537 virtutem
789 482 1039 552 praedicat
1056 519 1070 542 .
1100 484 1194 556 qui
1215 485 1364 555 regio
1387 487 1735 538 Etrulcorum
1749 498 1945 555 genere
1962 496 2113 537 ortus
2130 520 2145 544 ‚
2172 480 2420 557 equestri

394 560 409 611 Ι
445 571 528 610 ,ιω
550 572 838 612 contentus
856 594 870 616 .
884 555 1141 612 doerinae
1160 575 1221 611 ac
1236 558 1424 612 virtuti
1445 574 1657 612 tantum
1679 554 1932 611 detulerit
1947 556 2168 611 honoris
2182 594 2197 617 ‚
2222 573 2281 613 ac
2296 572 2420 614 tam

393 628 628 686 impense
661 628 850 684 ἀοέὶος
890 627 1100 684 foverit.
1132 630 1291 689 lib01·
1310 632 1418 685 Sat.
1441 629 1638 689 vt.lib.
1664 647 1707 686 ι.
1735 630 1842 683 Od.
1869 645 1911 683 ι.
1942 629 1997 683 ὃς
2016 647 2142 684 xvi.
2163 630 2252 686 lib.
2277 647 2295 686 t
2319 651 2330 684 ι
2356 648 2411 687 ι.

398 700 505 757 Od.
524 720 643 758 xvr.
677 704 730 755 &
750 721 822 757 xx
837 721 849 756 ι
864 720 915 757 x.
947 706 999 758 &
1039 704 1275 776 t.Epod.
1319 707 1504 779 ltaque
1518 721 1645 758 eum
1658 701 1936 777 praestdimn
1954 720 2013 758 ac
2030 701 2334 777 decusatum
2356 706 2423 761 δε

390 774 607 833 columen
621 773 837 849 suarum
856 795 1023 832 rerum
1043 792 1200 833 vocat
1220 815 1236 839 ‚
1273 797 1333 834 ac
1346 792 1544 852 partem
1562 780 1742 832 anime
1746 775 1869 849 sue.
1893 775 2000 831 fine
2021 796 2130 852 quo
2146 777 2306 833 etiam
2323 778 2421 832 vi-

394 866 505 905 tam
533 850 627 906 sibi
655 853 896 905 acerbam
933 850 1171 907 duceret.
1214 853 1461 909 Natalem
1481 869 1700 927 quoque
1722 852 2027 907 Maecenatis
2048 886 2064 909 ,
2090 867 2151 906 ut
2165 852 2308 907 diem
2330 850 2422 908 fe-

395 923 536 980 stum
560 963 575 987 ,
601 923 858 979 sacrificio
893 926 946 980 &
976 925 1236 981 convivio
1264 924 1512 998 dignatus
1531 925 1624 983 est.
1663 927 1909 998 Denique
1937 925 2170 996 Virgilio
2189 924 2285 979 suo
2304 962 2320 987 ,
2350 925 2421 986 iu

398 1001 695 1057 Maecenate
730 998 1065 1071 praedicando
1094 1000 1146 1052 δε
1172 999 1490 1054 exornando
1513 1036 1527 1061 .
1559 998 1807 1072 longeest
1826 996 2102 1067 prolixior.
2141 997 2422 1055 AudaEier

398 1072 543 1126 enim
576 1091 647 1126 nu
691 1090 848 1129 antur
872 1110 888 1133 ‚
911 1076 1000 1145 qui
1026 1090 1151 1127 eum
1183 1073 1279 1127 sub
1294 1072 1542 1128 Malthini
1560 1072 1782 1127 nomine
1794 1071 2100 1127 Maecenntis
2120 1071 2421 1129 mollitiem

398 1145 629 1221 proscidi
674 1166 704 1200 e
719 1184 734 1207 ‚
770 1147 822 1199 &
849 1165 963 1218 ejus
980 1163 1201 1201 uxorem
1216 1146 1536 1220 Lycymniae
1558 1159 1781 1201 nomine
1799 1160 2032 1200 notatam
2050 1146 2118 1200 ita
2132 1143 2270 1199 belle
2290 1143 2422 1201 lau-

400 1216 785 1289 diffefiugunt.
811 1218 903 1273 lib.
931 1221 1284 1276 1.Serm.Sat.
1307 1236 1323 1271 1
1348 1236 1388 1274 i.
1406 1218 1498 1273 lib.
1520 1237 1601 1275 11.
1627 1219 1809 1274 Carm.
1834 1217 2090 1273 Od.x11.

474 1295 536 1348 ln
576 1293 784 1347 Sabinis
816 1290 903 1346 sua
918 1292 1102 1347 habuit
1122 1291 1347 1363 praedia,
1383 1291 1681 1348 &fundum
1698 1292 1850 1346 suum
1874 1290 2234 1365 pereleganter
2247 1289 2337 1347 lib.
2364 1310 2421 1350 1.

400 1366 570 1438 Epist.
602 1383 738 1423 xvi.
766 1365 830 1420 ad
868 1364 1193 1437 Qnfflum
1218 1364 1482 1439 depinxit.
1523 1368 1756 1439 Apparet
1786 1382 1964 1420 aurem
1995 1363 2115 1421 satis
2148 1383 2216 1421 ex
2238 1364 2409 1437 ipfiua

399 1438 635 1509 scriptis,
666 1438 901 1495 maxime
930 1443 1033 1494 Sat.
1069 1456 1146 1495 vr.
1179 1439 1300 1494 libri
1335 1439 1638 1510 posterioris
1658 1478 1674 1500 ‚
1712 1440 1767 1493 δι
1798 1438 2034 1511 Epistola
2065 1438 2130 1494 ad
2155 1439 2420 1498 Aristium

402 1513 645 1571 Fuscum.
669 1531 787 1587 quae
809 1513 884 1568 est
907 1511 1095 1585 prioris
1111 1512 1232 1569 libri
1248 1512 1474 1580 decima,
1493 1519 1584 1587 (ne
1596 1529 1785 1572 caetera
1808 1514 2102 1589 persequar)
2116 1512 2268 1568 fuisse
2279 1531 2420 1571 eum

402 1590 589 1644 animo
622 1588 651 1642 a
680 1586 789 1642 vita
821 1588 1023 1642 urbana
1050 1585 1226 1644 alieno
1245 1626 1261 1651 ‚
1291 1590 1345 1646 δι
1382 1607 1505 1645 rure
1538 1593 1609 1645 ita
1623 1586 2050 1645 vixilselibenter
2068 1622 2085 1648 2
2114 1602 2178 1642 ut
2196 1584 2421 1644 felicem

406 1662 641 1719 maxime
676 1659 731 1716 in
758 1662 848 1716 sua
882 1660 931 1715 se
952 1659 1076 1716 villa
1094 1679 1325 1735 putaret.
1365 1662 1514 1737 quod
1525 1681 1697 1735 genus
1721 1677 1841 1717 vitae
1863 1677 1926 1717 ut
1946 1658 2155 1718 bomini
2172 1658 2425 1733 philoso-

405 1736 549 1808 pho,
584 1734 870 1807 eidemque
901 1735 1103 1798 Poetae,
1137 1735 1203 1791 ad
1236 1735 1390 1791 suum
1413 1736 1715 1793 institutum
1736 1735 2032 1792 tenendum
2046 1732 2418 1791 commodiffi-

407 1827 562 1869 mum
584 1828 600 1870 ς
643 1812 715 1863 ita
741 1810 795 1861 δε
827 1807 963 1863 veris
988 1808 1356 1881 voluptatibus
1374 1827 1486 1866 erat
1504 1849 1520 1873 ,
1558 1829 1620 1866 ac
1638 1808 2067 1865 molestiarum&
2083 1809 2299 1865 invidiae
2317 1826 2424 1866 va-

409 1874 595 1939 cuitati
622 1881 857 1937 maxime
886 1898 1090 1948 aptum.
1132 1885 1320 1957 Itaque
1337 1883 1506 1940 sentio
1519 1902 1644 1941 eum
1662 1883 1816 1954 plane
1837 1883 2056 1938 liberam
2077 1882 2239 1938 vitam
2251 1898 2426 1957 atque

412 1955 566 2012 omni
598 1973 825 2010 munere
860 1952 1149 2031 officioque
1186 1957 1407 2031 publico
1437 1956 1831 2030 vacuamegisse
1835 1956 1949 2030 jam
1970 1954 2095 2012 inde
2109 1956 2175 2011 ab
2191 1969 2432 2013 eotem-·

408 2049 541 2104 pore
554 2070 570 2092 ‚
590 2049 700 2105 quo
719 2028 1049 2103 benignitate
1065 2032 1372 2089 Maecenatis
1389 2048 1547 2104 atque
1568 2029 1794 2105 Augusti
1812 2044 2012 2087 tantam
2028 2047 2143 2085 rem
2155 2032 2424 2087 consecu-

411 2122 498 2161 tus
512 2103 631 2164 fuit,
655 2121 851 2175 quanta
870 2102 919 2160 ei
948 2102 1014 2159 ad
1051 2103 1326 2180 frugaliter
1356 2110 1411 2163 &
1438 2105 1660 2162 honeste
1697 2102 1993 2160 vivendum
2023 2104 2422 2176 suppeditaret:

410 2178 562 2253 quod
585 2178 690 2248 ipse
710 2177 1302 2258 vocananontdefit
1317 2178 1504 2238 habere
1521 2217 1538 2241 .
1574 2179 1667 2235 lib.
1699 2196 1716 2235 ι
1739 2198 1778 2235 1·
1804 2181 1847 2235 E
1892 2220 1906 2234 .
1931 2193 2011 2238 ιι.
2032 2176 2163 2237 verfi
2190 2194 2292 2237 ιιι.

486 2254 683 2308 Scribae
698 2251 943 2310 sonuum
957 2252 1139 2309 officio
1152 2257 1247 2331 qui
1267 2271 1566 2317 autumant.
1577 2272 1693 2310 non
1704 2253 1820 2311 satis
1880 2271 1992 2310 rma
2006 2251 2260 2308 nituntur
2271 2271 2423 2310 con-

414 2323 620 2399 jeftura
645 2342 714 2383 ex
734 2325 816 2383 his
841 2327 1179 2384 verfibuslib.
1201 2347 1218 2383 x
1240 2348 1286 2384 i.
1303 2332 1412 2385 Sat.
1437 2345 1527 2384 vi.

653 2408 736 2458 De
764 2420 820 2457 re
852 2405 1094 2458 communi
1110 2401 1293 2477 scribe
1327 2420 1513 2478 magna
1544 2414 1702 2477 atque
1734 2418 1873 2460 nova
1907 2412 1959 2460 te

657 2472 891 2532 orabant
920 2474 1066 2532 hodie
1099 2476 1385 2550 memimffis
1418 2476 1638 2553 ,Qar'nffe
1671 2477 1886 2532 reverti.

413 2548 600 2608 Potuit
617 2548 764 2606 enim
783 2548 962 2606 scribis
975 2555 1284 2608 communis
1302 2552 1517 2612 resess'e.
1529 2548 1666 2606 nihil
1681 2550 1746 2605 ad
1761 2549 2008 2607 Flaccum
2033 2546 2327 2620 pertinent,
2350 2549 2426 2608 de

415 2623 1608 2773 §fficzffisse‘tss‘5123593223’2'338332281‘25‘33
1639 2623 2427 2770 2222'122‘422‘55‘222522933

419 2774 604 2830 tonius
634 2770 724 2826 ille
749 2769 959 2834 scribit.
991 2772 1293 2848 Augustum
1318 2774 1398 2830 uti
1429 2719 1653 2829 vssluiffe
1681 2770 2075 2843 Horatiiopera
2093 2770 2150 2827 in
2174 2771 2428 2842 Epistolie

415 2844 736 2906 scribendis,
763 2862 936 2919 neque
956 2861 1133 2904 tamen
1152 2846 1461 2902 obtinuifl'e.
1499 2846 1699 2903 Credat
1714 2882 1730 2907 .
1768 2846 1862 2920 qui
1882 2846 2000 2901 vult
2017 2885 2033 2907 ‚
2052 2863 2178 2901 eum
2197 2845 2428 2918 Augusti

398 2918 648 2979 ‘noluisse
674 2917 892 2974 scribam
913 2919 1044 2983 effe,
1078 2919 1305 2976 voluiss'e
1331 2921 1576 2979 aliorum.
1617 2925 1688 2978 Et
1725 2920 1944 2994 quidem
1963 2920 2055 2975 ubi
2074 2918 2311 2975 ostendit
2325 2918 2427 2976 fibi

420 3015 533 3051 non
576 3010 757 3050 vacare
790 2992 1014 3050 scribere
1029 2995 1271 3065 poemata
1290 3033 1306 3056 ‚
1352 2994 1567 3051 nullum
1589 2993 1791 3065 publici
1804 2994 2041 3050 muneris
2056 2992 2424 3066 impedimen-

422 3087 539 3124 tum
577 3066 780 3139 allegat.
812 3066 906 3129 lib.
946 3085 1026 3127 11.
1064 3066 1231 3141 Epist.
1266 3085 1347 3125 ιι.
1381 3068 1510 3125 vers.
1529 3085 1673 3126 exv.
1730 3070 1890 3127 Plane
1920 3067 1989 3123 ita
2013 3066 2186 3123 statuo
2209 3102 2227 3129 ,
2257 3065 2428 3141 idque

420 3137 584 3210 ipfius
613 3140 804 3214 scripta
845 3140 1099 3198 videntur
1131 3142 1520 3209 demonstrare,
1552 3162 1679 3200 eum
1698 3180 1716 3207 ,
1742 3140 1999 3219 quicquid
2019 3139 2198 3196 officio
2218 3139 2427 3218 amicos

420 3213 741 3348 ffugustum
775 3216 1033 3277 maxime,
1065 3216 1117 3271 &
1133 3219 1481 3275 Maecenatem
1497 3260 1513 3285 ,
1549 3217 1641 3294 qui
1662 3236 1730 3273 eo
1750 3236 1860 3274 non
1877 3211 2103 3271 libenter
2120 3229 2323 3277 caruit,
2361 3230 2430 3273 nt

455 3292 522 3346 'b.
551 3308 594 3345 1.
637 3288 801 3355 Epist.
838 3307 897 3345 vi
919 3307 962 3344 ι.
993 3291 1047 3345 δε
1073 3288 1197 3347 alibi
1237 3290 1576 3366 intelligitur)
1613 3291 1826 3348 colendi
1850 3288 2112 3358 superfuit
2135 3288 2424 3358 temporis.

422 3363 570 3442 poefi
582 3383 640 3420 ac
659 3361 1004 3437 philosopbiae
1020 3363 1354 3436 impendisse.
1392 3366 1696 3425 Maximum
1713 3381 1892 3420 autem
1906 3360 2297 3418 documentum
2313 3359 2430 3418 fin·

422 3439 621 3515 gularis
638 3437 850 3493 virtutis
867 3438 943 3495 est
957 3455 1008 3495 at
1049 3456 1114 3493 ue
1128 3439 1412 3501 doarinae,
1430 3440 1779 3515 quodeorum
1793 3436 2027 3494 amicitia
2044 3435 2164 3491 usus
2175 3433 2252 3490 est
2265 3452 2434 3512 atque

428 3512 784 3570 familiaritate
805 3550 820 3574 ‚
853 3531 988 3587 quos
1009 3456 1067 3567 gt
1102 3528 1224 3569 atas
1258 3513 1489 3585 opibus,
1518 3509 1794 3572 defarina,
1840 3508 2184 3572 autfini-itate,
2222 3509 2432 3569 virtute

424 3584 870 3664 praestantiffimos
888 3587 1029 3646 tulit.
1057 3590 1198 3644 Nam
1213 3588 1267 3643 δε
1286 3588 1349 3644 ad
1372 3591 1444 3644 M.
1466 3585 1776 3660 Vipsanium
1791 3588 1833 3639 A
1876 3584 2082 3657 rippam
2102 3580 2431 3657 perfamilia-

422 3663 556 3718 riter
589 3659 822 3735 scripfit,
859 3662 972 3734 (lib.
1005 3678 1051 3715 ι.
1093 3662 1205 3718 od.
1226 3659 1654 3730 vi.)&Claudio
1671 3663 1827 3732 Augu
1881 3656 2425 3731 iprivignoitacarus

425 3737 533 3794 fuit
559 3776 577 3804 ‚
628 3753 691 3794 ut
742 3734 903 3797 etiam
956 3734 1378 3798 commendandi
1404 3735 1536 3796 alios
1574 3733 1889 3812 patestatem
1926 3731 2198 3864 haberetE
2237 3730 2329 3862 Ἧι.
2378 3747 2429 3792 ι.

2199 3821 2255 3881 pi
2307 3820 2428 3864 Λα.
